<?xml version="1.0" encoding="UTF-8"?><record xmlns="http://www.loc.gov/MARC21/slim" xmlns:cinclude="http://apache.org/cocoon/include/1.0" xmlns:zs="http://www.loc.gov/zing/srw/">
  <leader>00639cz  a2200157n  4500</leader>
  <controlfield tag="001">n  88297484 </controlfield>
  <controlfield tag="003">DLC</controlfield>
  <controlfield tag="005">20130312085332.0</controlfield>
  <controlfield tag="008">890320n| azannaab           |a aaa      </controlfield>
  <datafield tag="010" ind1=" " ind2=" ">
    <subfield code="a">n  88297484 </subfield>
  </datafield>
  <datafield tag="040" ind1=" " ind2=" ">
    <subfield code="a">DLC</subfield>
    <subfield code="b">eng</subfield>
    <subfield code="e">rda</subfield>
    <subfield code="c">DLC</subfield>
    <subfield code="d">DLC</subfield>
  </datafield>
  <datafield tag="046" ind1=" " ind2=" ">
    <subfield code="g">1577</subfield>
  </datafield>
  <datafield tag="100" ind1="1" ind2=" ">
    <subfield code="a">Hör, Andreas,</subfield>
    <subfield code="d">-1577</subfield>
  </datafield>
  <datafield tag="400" ind1="1" ind2=" ">
    <subfield code="w">nnea</subfield>
    <subfield code="a">Hör, Andreas,</subfield>
    <subfield code="d">d. 1577</subfield>
  </datafield>
  <datafield tag="670" ind1=" " ind2=" ">
    <subfield code="a">Alther, E.W. Andreas Hör, der Sanktgaller Maler, Mitte des sechzehnten Jahrhunderts, c1979:</subfield>
    <subfield code="b">t.p. (Andreas Hör, painter from St. Gall) p. 11, etc. (glass painter, fl. in 1550s and 1560s; d. 1577)</subfield>
  </datafield>
  <datafield tag="670" ind1=" " ind2=" ">
    <subfield code="a">Thieme-Becker,</subfield>
    <subfield code="b">v. 7, p. 213 (Hör, Andreas, Swiss glass painter, fl. 1558-1575)</subfield>
  </datafield>
</record>